<collection xmlns="http://www.loc.gov/MARC21/slim">
<record>
  <leader>01127nam0a22002291i 450 </leader>
  <controlfield tag="001">IT\ICCU\CNCE\066998</controlfield>
  <controlfield tag="005">20060918000000.0</controlfield>
  <datafield tag="012" ind1=" " ind2=" ">
    <subfield code="a">++++ ++++ ++++ ++++ (C) 0000 (Q)</subfield>
    <subfield code="2">fei</subfield>
  </datafield>
  <datafield tag="100" ind1=" " ind2=" ">
    <subfield code="a">20060907g15131524    0itac0103    ba</subfield>
  </datafield>
  <datafield tag="101" ind1=" " ind2=" ">
    <subfield code="a">LAT</subfield>
  </datafield>
  <datafield tag="102" ind1=" " ind2=" ">
    <subfield code="a">IT</subfield>
  </datafield>
  <datafield tag="200" ind1="1" ind2=" ">
    <subfield code="a">Carmen iuuenile Sulpitii Verulani  de moribus in mensa seruandis</subfield>
  </datafield>
  <datafield tag="210" ind1=" " ind2=" ">
    <subfield code="a">(Impressum Taurini</subfield>
    <subfield code="c">per Ioannem Angelum &amp; Bernardinum de Sylua</subfield>
  </datafield>
  <datafield tag="215" ind1=" " ind2=" ">
    <subfield code="a">\4! c.</subfield>
    <subfield code="d">4¿</subfield>
  </datafield>
  <datafield tag="300" ind1=" " ind2=" ">
    <subfield code="a">La data presunta di pubblicazione, 1513-1524, si ricava dall&apos;attivit ̉dei tipografi. cfr. Vernazza, Dizionario dei tipografi in Piemonte, p. 337. -  Iniz. xilogrELIMINATA, PERCHE&apos; ACCORPATA AL CNC 31546 !!!</subfield>
  </datafield>
  <datafield tag="620" ind1=" " ind2=" ">
    <subfield code="a">IT</subfield>
    <subfield code="d">Torino</subfield>
  </datafield>
  <datafield tag="700" ind1=" " ind2="1">
    <subfield code="a">Sulpizio,</subfield>
    <subfield code="b">Giovanni</subfield>
    <subfield code="3">IT\ICCU\CNCA\001186</subfield>
  </datafield>
  <datafield tag="712" ind1="0" ind2="0">
    <subfield code="a">Silva, Giovanni Angelo &amp; Silva, Bernardino</subfield>
    <subfield code="3">IT\ICCU\CNCT\000984</subfield>
    <subfield code="4">650</subfield>
  </datafield>
  <datafield tag="790" ind1=" " ind2="1">
    <subfield code="a">Sulpicius,</subfield>
    <subfield code="b">Joannes</subfield>
    <subfield code="3">IT\ICCU\CNCA\009182</subfield>
    <subfield code="z">Sulpizio, Giovanni</subfield>
  </datafield>
  <datafield tag="790" ind1=" " ind2="1">
    <subfield code="a">Sulpitius,</subfield>
    <subfield code="b">Joannes</subfield>
    <subfield code="3">IT\ICCU\CNCA\009183</subfield>
    <subfield code="z">Sulpizio, Giovanni</subfield>
  </datafield>
  <datafield tag="791" ind1="0" ind2="0">
    <subfield code="a">Sylva, Ioanne Angelo &amp; Sylva, Bernardino de</subfield>
    <subfield code="3">IT\ICCU\CNCT\005665</subfield>
    <subfield code="z">Silva, Giovanni Angelo &amp; Silva, Bernardino</subfield>
  </datafield>
  <datafield tag="801" ind1=" " ind2="3">
    <subfield code="a">IT</subfield>
    <subfield code="b">ICCU</subfield>
    <subfield code="c">20201115</subfield>
  </datafield>
</record>
</collection>
